<record><leader>00000cas a22000007a 4500</leader><controlfield tag="001">20519854</controlfield><controlfield tag="008">891020d19131917moudn ne      0    0eng d</controlfield><datafield ind1=" " ind2=" " tag="010"><subfield code="a">sn 89066851 </subfield></datafield><datafield ind1=" " ind2=" " tag="040"><subfield code="a">MQN</subfield><subfield code="b">eng</subfield><subfield code="c">MQN</subfield><subfield code="d">OCLCQ</subfield></datafield><datafield ind1=" " ind2=" " tag="042"><subfield code="a">msc</subfield></datafield><datafield ind1="0" ind2=" " tag="130"><subfield code="a">Evening republican (Clinton, Mo. : 1913)</subfield></datafield><datafield ind1="1" ind2="4" tag="245"><subfield code="a">The evening republican.</subfield></datafield><datafield ind1=" " ind2=" " tag="260"><subfield code="a">Clinton, Mo. :</subfield><subfield code="b">Henry County Republican Print. Co.,</subfield><subfield code="c">1913-</subfield></datafield><datafield ind1=" " ind2=" " tag="300"><subfield code="a">v.</subfield></datafield><datafield ind1=" " ind2=" " tag="310"><subfield code="a">Daily (except Sun.)</subfield></datafield><datafield ind1="0" ind2=" " tag="362"><subfield code="a">Vol. 1, no. 8 (Nov. 10, 1913)-</subfield></datafield><datafield ind1="1" ind2=" " tag="362"><subfield code="a">Ceased in 1917?</subfield></datafield><datafield ind1=" " ind2=" " tag="515"><subfield code="a">Numbering is irregular.</subfield></datafield><datafield ind1=" " ind2=" " tag="752"><subfield code="a">United States</subfield><subfield code="b">Missouri</subfield><subfield code="c">Henry</subfield><subfield code="d">Clinton.</subfield></datafield><datafield ind1="0" ind2=" " tag="775"><subfield code="t">Henry County republican (Clinton, Mo.)</subfield><subfield code="w">(DLC)sn 89066846</subfield></datafield><datafield ind1="0" ind2="0" tag="780"><subfield code="t">Republican (Clinton, Mo. : 1913)</subfield><subfield code="w">(DLC)sn 89066850</subfield></datafield><datafield ind1="0" ind2="0" tag="785"><subfield code="t">Republican (Clinton, Mo. : 1917 : Daily ed.)</subfield></datafield></record>